@misc{wikipedia,
  title = {Vitamin C},
  author = {Wikipedia},
  url = {https://en.wikipedia.org/wiki/Vitamin_C},
  accessdate = {2023-11-26}
}

@book{messerschmidt2010,
  author = {Messerschmidt, A.},
  title = {Copper Metalloenzymes},
  publisher = {Elsevier},
  year = {2010},
  pages = {489-545},
  editor = {Liu, Hung-Wen (Ben) and Mander, Lew},
  booktitle = {Comprehensive Natural Products II},
  volume = {8},
  doi = {10.1016/B978-008045382-8.00180-5}
}

@article{vines1963,
  author = {Vines, H. M. and Oberbacher, M. F.},
  title = {Citrus fruit enzymes. I. Ascorbic acid oxidase in oranges},
  journal = {Plant Physiology},
  volume = {38},
  issue = {3},
  pages = {333-337},
  year = {1963}
}
